@article{gillis2014,
  title={The why and how of nonnegative matrix factorization},
  author={Gillis, Nicolas},
  journal={Regularization, Optimization, Kernels, and Support Vector Machines},
  volume={12},
  number={257},
  year={2014},
  publisher={Chapman \& Hall/CRC}
}
@inproceedings{lee2001,
  title={Algorithms for non-negative matrix factorization},
  author={Lee, Daniel D and Seung, H Sebastian},
  booktitle={Advances in neural information processing systems},
  pages={556--562},
  year={2001}
}
@misc{silver, title={FiveThirtyEight}, url={https://fivethirtyeight.com/},
    journal={FiveThirtyEight},
    publisher={FiveThirtyEight},
    author={Silver, Nate}
}
@article{gillis2012,
  title={Accelerated multiplicative updates and hierarchical ALS algorithms for nonnegative matrix factorization},
  author={Gillis, Nicolas and Glineur, Fran{\c{c}}ois},
  journal={Neural computation},
  volume={24},
  number={4},
  pages={1085--1105},
  year={2012},
  publisher={MIT Press}
}
